@article{greenwade93,
    author  = "George D. Greenwade",
    title   = "The {C}omprehensive {T}ex {A}rchive {N}etwork ({CTAN})",
    year    = "1993",
    journal = "TUGBoat",
    volume  = "14",
    number  = "3",
    pages   = "342--351"
}

@online{tietoliikenteenperusteet,
    author = {Kurose, Ross},
    title = {Tietoliikenteen perusteet},
    date = {2010},
    url = {https://www.cs.helsinki.fi/u/starkoma/tilpe/luku3},
}