@misc{rust_book_constant_evaluation,
    title = {{Constant Evaluation - The Rust Reference}},
    url = {https://doc.rust-lang.org/reference/const_eval.html}
}

@misc{rust_book_enum,
    title = {{Defining an Enum - The Rust Programming Language}},
    url = {https://doc.rust-lang.org/book/ch06-01-defining-an-enum.html?highlight=option#the-option-enum-and-its-advantages-over-null-values}
}

@misc{ffahleraz/sliding-window-protocol,
    title = {{ffahleraz/sliding-window-protocol: An implementation of sliding window protocol for UDP socket data transmission}},
    url = {https://github.com/ffahleraz/sliding-window-protocol/tree/master}
}

@misc{rust_doc_joinhandle,
    title = {{JoinHandle in std::thread - Rust}},
    url = {https://doc.rust-lang.org/std/thread/struct.JoinHandle.html#method.join}
}

@misc{rust-source-unix-netrs,
    title = {{Rust net.rs unix l{\"{a}}hdekoodi}},
    booktitle = {Rust L{\"{a}}hdekoodi},
    url = {https://github.com/rust-lang/rust/blob/master/library/std/src/sys/pal/unix/net.rs}
}

@misc{rust-source-windows-netrs,
    title = {{Rust net.rs windows l{\"{a}}hdekoodi}},
    shorttitle = {qweqw},
    booktitle = {Rust L{\"{a}}hdekoodi},
    url = {https://github.com/rust-lang/rust/blob/master/library/std/src/sys/pal/windows/net.rs}
}

@misc{rust_doc_u32,
    title = {{u32 - Rust}},
    url = {https://doc.rust-lang.org/std/primitive.u32.html}
}

@misc{rust_doc_async_udpsocket,
    title = {{UdpSocket in async{\_}std::net - Rust}},
    booktitle = {Rust Documentation},
    url = {https://docs.rs/async-std/latest/async_std/net/struct.UdpSocket.html}
}

@misc{rust_doc_std_udpsocket,
    title = {{UdpSocket in std::net - Rust}},
    booktitle = {Rust Documentation},
    url = {https://doc.rust-lang.org/std/net/struct.UdpSocket.html}
}

@misc{rust-doc-usize,
    title = {{usize - Rust}},
    booktitle = {Rust Documentation},
    url = {https://doc.rust-lang.org/std/primitive.usize.html}
}

@misc{Ivicevic202228Inheritance,
    title = {{28 Days of Rust — Part 2: Composition over Inheritance}},
    year = {2022},
    booktitle = {Medium},
    author = {Ivicevic, Christian},
    month = {4},
    url = {https://medium.com/comsystoreply/28-days-of-rust-part-2-composition-over-inheritance-cab1b106534a}
}

@misc{7Packets2.0.11,
    title = {{7   Packets — An Introduction to Computer Networks, desktop edition 2.0.11}},
    url = {https://intronetworks.cs.luc.edu/current/html/packets.html#packet-delay}
}

@misc{8Abstract2.0.11,
    title = {{8   Abstract Sliding Windows — An Introduction to Computer Networks, desktop edition 2.0.11}},
    url = {https://intronetworks.cs.luc.edu/current/html/slidingwindows.html}
}

@misc{2021High-performanceNetworking,
    title = {{High-performance networking}},
    year = {2021},
    month = {10},
    url = {https://learn.microsoft.com/en-us/windows-server/networking/technologies/hpn/hpn-hardware-only-features},
    language = {en-us}
}

@misc{Adiga2007HowC,
    title = {{How to write endian-independent code in C}},
    year = {2007},
    booktitle = {IBM Developer},
    author = {Adiga, Harsha},
    month = {4},
    url = {https://developer.ibm.com/articles/au-endianc/}
}

@misc{RFCTimer,
    title = {{RFC 6298 - Computing TCP's Retransmission Timer}},
    url = {https://datatracker.ietf.org/doc/html/rfc6298.html}
}

@article{KumarSurveyUDP,
    title = {{Survey on Transport Layer Protocols: TCP {\&} UDP}},
    journal = {International Journal of Computer Applications},
    author = {Kumar, Santosh and Rai, Sonam},
    volume = {46},
    language = {en}
}

@misc{Kurose2010TietoliikenteenPerusteet,
    title = {{Tietoliikenteen perusteet}},
    year = {2010},
    author = {Kurose, Ross},
    url = {https://www.cs.helsinki.fi/u/starkoma/tilpe/luku3}
}